@article{yingran,
  title={计算机科学技术的现状及其发展前景},
  author={应然 and 彭胜男 and 张睿},
  journal={信息与电脑(理论版)},
  number={2019,31(20):15-17},
}
@article{shenhaoran,
	title={浅析计算机的发展历史及未来趋势},
	author={申浩男},
	journal={电脑知识与技术},
	number={2019,15(03):249-250},
}
@article{xinfeng,
	title={Computer vision algorithms and hardware implementations: A survey},
	author={Xin Feng and Youni Jiang and Xuejiao Yang and Ming Du and Xin Li},
	journal={Integration},
	number={2019,69},
}
@article{yexiong,
	title={计算机科学与技术的现实意义及未来发展},
	author={叶雄},
	journal={电子技术与软件工程},
	number={2019(05):134},
}
@article{liuyanghe,
	title={区块链:技术创新带来的制度变迁},
	author={刘阳荷,宋琳},
	journal={科学与管理},
	number={2020(01):1-7[2019-12-30]},
}
@article{huangqifan,
	title={“区块链”有三个问题无法回避},
	author={黄奇帆},
	journal={中国经济周刊},
	number={2019(22):101-104},
}
@article{jinwuxiong,
	title={A new method to verify Bitcoin bubbles: Based on the production cost},
	author={Jinwu Xiong and Qing Liu and Lei Zhao},
	journal={North American Journal of Economics and Finance},
	number={2019},
}